<record><leader>00000cas a2200000 a 4500</leader><controlfield tag="001">27701643</controlfield><controlfield tag="008">930310d188818uuiludn ne      0   a0eng c</controlfield><datafield ind1=" " ind2=" " tag="010"><subfield code="a">sn 93055524 </subfield></datafield><datafield ind1=" " ind2=" " tag="040"><subfield code="a">NVF</subfield><subfield code="b">eng</subfield><subfield code="c">NVF</subfield><subfield code="d">NVF</subfield><subfield code="d">OCLCQ</subfield><subfield code="d">OCLCF</subfield><subfield code="d">NVF</subfield><subfield code="d">OCLCO</subfield></datafield><datafield ind1="1" ind2=" " tag="029"><subfield code="a">AU@</subfield><subfield code="b">000020739455</subfield></datafield><datafield ind1=" " ind2=" " tag="042"><subfield code="a">pcc</subfield></datafield><datafield ind1=" " ind2=" " tag="043"><subfield code="a">n-us-il</subfield></datafield><datafield ind1="0" ind2=" " tag="130"><subfield code="a">Monmouth daily review (Monmouth, Ill. : 1888)</subfield></datafield><datafield ind1="1" ind2="4" tag="245"><subfield code="a">The Monmouth daily review.</subfield></datafield><datafield ind1=" " ind2=" " tag="260"><subfield code="a">Monmouth, Ill. :</subfield><subfield code="b">Diffenbaugh &amp; Moffet,</subfield><subfield code="c">1888-[18--?]</subfield></datafield><datafield ind1=" " ind2=" " tag="300"><subfield code="a">v.</subfield></datafield><datafield ind1=" " ind2=" " tag="310"><subfield code="a">Daily (except Sunday)</subfield></datafield><datafield ind1="0" ind2=" " tag="362"><subfield code="a">Vol. 1, no. 98 (Dec. 11, 1888)-</subfield></datafield><datafield ind1=" " ind2=" " tag="588"><subfield code="a">Latest issue consulted: July 20, 1889.</subfield></datafield><datafield ind1=" " ind2="0" tag="651"><subfield code="a">Monmouth (Ill.)</subfield><subfield code="v">Newspapers.</subfield></datafield><datafield ind1=" " ind2="7" tag="651"><subfield code="a">Illinois</subfield><subfield code="z">Monmouth.</subfield><subfield code="2">fast</subfield><subfield code="0">(OCoLC)fst01217743</subfield></datafield><datafield ind1=" " ind2="7" tag="655"><subfield code="a">Newspapers.</subfield><subfield code="2">fast</subfield><subfield code="0">(OCoLC)fst01423814</subfield></datafield><datafield ind1=" " ind2=" " tag="752"><subfield code="a">United States</subfield><subfield code="b">Illinois</subfield><subfield code="c">Warren</subfield><subfield code="d">Monmouth.</subfield></datafield><datafield ind1="0" ind2=" " tag="775"><subfield code="t">Monmouth review (Monmouth, Ill. : Weekly)</subfield><subfield code="w">(DLC)sn 93055522</subfield><subfield code="w">(OCoLC)27701442</subfield></datafield><datafield ind1="0" ind2="0" tag="780"><subfield code="t">Daily review (Monmouth, Ill.)</subfield><subfield code="w">(DLC)sn 93055523</subfield><subfield code="w">(OCoLC)27701532</subfield></datafield><datafield ind1="0" ind2="0" tag="785"><subfield code="t">Evening journal (Monmouth, Ill.)</subfield></datafield></record>